<collection xmlns="http://www.loc.gov/MARC21/slim">
<record>
  <leader>02264nam0a2200373 i 450 </leader>
  <controlfield tag="001">IT\ICCU\CNCE\040121</controlfield>
  <controlfield tag="005">20181029000000.0</controlfield>
  <datafield tag="012" ind1=" " ind2=" ">
    <subfield code="a">MEe- e.ue t,uo hire (C) 1599 (Q)</subfield>
    <subfield code="2">fei</subfield>
    <subfield code="9">1</subfield>
  </datafield>
  <datafield tag="012" ind1=" " ind2=" ">
    <subfield code="a">n-er amn- i-n- r-ux (C) 1599 (Q)</subfield>
    <subfield code="2">fei</subfield>
    <subfield code="9">2</subfield>
  </datafield>
  <datafield tag="100" ind1=" " ind2=" ">
    <subfield code="a">19981103f1599        0itac0103    ba</subfield>
  </datafield>
  <datafield tag="101" ind1=" " ind2=" ">
    <subfield code="a">LAT</subfield>
  </datafield>
  <datafield tag="102" ind1=" " ind2=" ">
    <subfield code="a">IT</subfield>
  </datafield>
  <datafield tag="200" ind1="1" ind2=" ">
    <subfield code="a">Gemmata corona. Pro augustissimis Margaritae Austriae Hispaniarum Indiarumque reginae nuptiis. Ab Henrico Farnesio Eburone i.c. regio artis oratoriae interprete, &amp; in Academia Intentorum Conspirante conscripta ... Huc accedit faustum fortuiti in regia incendij monimentum</subfield>
  </datafield>
  <datafield tag="210" ind1=" " ind2=" ">
    <subfield code="a">Ticini</subfield>
    <subfield code="c">apud haeredes Hieronymi Bartoli</subfield>
    <subfield code="d">\1599?!</subfield>
  </datafield>
  <datafield tag="215" ind1=" " ind2=" ">
    <subfield code="a">2 pt.</subfield>
    <subfield code="d">4ʻ</subfield>
  </datafield>
  <datafield tag="300" ind1=" " ind2=" ">
    <subfield code="a">La data si ricava da quella delle nozze di Margherita d&apos;Austria con Filippo III di Spagna. - 2: De fortuito in regia Mediolani triumphante, incendio ... monimentum. - Var. B: front. della pt. 1 mancante della parola &quot;nuptiis&quot; e dell&apos;indicazione della pt.2</subfield>
  </datafield>
  <datafield tag="423" ind1=" " ind2="0">
    <subfield code="1">001IT\ICCU\CNCE\052712</subfield>
    <subfield code="1">2001 </subfield>
    <subfield code="a">De fortuito in regia Mediolani triumphante incendio ... monimentum</subfield>
  </datafield>
  <datafield tag="620" ind1=" " ind2=" ">
    <subfield code="a">IT</subfield>
    <subfield code="d">Pavia</subfield>
  </datafield>
  <datafield tag="700" ind1=" " ind2="1">
    <subfield code="a">Farnese,</subfield>
    <subfield code="b">Enrico</subfield>
    <subfield code="3">IT\ICCU\CNCA\000100</subfield>
  </datafield>
  <datafield tag="712" ind1="0" ind2="0">
    <subfield code="a">Bartoli, Girolamo - eredi</subfield>
    <subfield code="3">IT\ICCU\CNCT\000018</subfield>
    <subfield code="4">650</subfield>
  </datafield>
  <datafield tag="790" ind1=" " ind2="1">
    <subfield code="a">Du_Four,</subfield>
    <subfield code="b">Henri</subfield>
    <subfield code="3">IT\ICCU\CNCA\014001</subfield>
    <subfield code="z">Farnese, Enrico</subfield>
  </datafield>
  <datafield tag="790" ind1=" " ind2="1">
    <subfield code="a">Farnesius,</subfield>
    <subfield code="b">Henricus</subfield>
    <subfield code="3">IT\ICCU\CNCA\014002</subfield>
    <subfield code="z">Farnese, Enrico</subfield>
  </datafield>
  <datafield tag="790" ind1=" " ind2="1">
    <subfield code="a">Farnesi,</subfield>
    <subfield code="b">Enrico</subfield>
    <subfield code="3">IT\ICCU\CNCA\022287</subfield>
    <subfield code="z">Farnese, Enrico</subfield>
  </datafield>
  <datafield tag="801" ind1=" " ind2="3">
    <subfield code="a">IT</subfield>
    <subfield code="b">ICCU</subfield>
    <subfield code="c">20201114</subfield>
  </datafield>
  <datafield tag="899" ind1=" " ind2=" ">
    <subfield code="a">Biblioteca del Seminario vescovile. Casale Monferrato</subfield>
    <subfield code="1">AL0024</subfield>
    <subfield code="2">TO0 L2</subfield>
  </datafield>
  <datafield tag="899" ind1=" " ind2=" ">
    <subfield code="a">Biblioteca civica A. Mai. Bergamo</subfield>
    <subfield code="1">BG0026</subfield>
    <subfield code="2">LO1 02</subfield>
  </datafield>
  <datafield tag="899" ind1=" " ind2=" ">
    <subfield code="a">Biblioteca civica Aprosiana. Ventimiglia</subfield>
    <subfield code="z">MUTILO</subfield>
    <subfield code="1">IM0038</subfield>
    <subfield code="2">LI3 VM</subfield>
  </datafield>
  <datafield tag="899" ind1=" " ind2=" ">
    <subfield code="a">Biblioteca nazionale Braidense. Milano</subfield>
    <subfield code="1">MI0185</subfield>
    <subfield code="2">MIL NB</subfield>
  </datafield>
  <datafield tag="899" ind1=" " ind2=" ">
    <subfield code="a">Archivio storico civico e Biblioteca Trivulziana. Milano</subfield>
    <subfield code="z">(Var. A)</subfield>
    <subfield code="1">MI0327</subfield>
    <subfield code="2">LO1 13</subfield>
  </datafield>
  <datafield tag="899" ind1=" " ind2=" ">
    <subfield code="a">Biblioteca comunale Passerini Landi. Piacenza</subfield>
    <subfield code="z">(Var. A)</subfield>
    <subfield code="1">PC0030</subfield>
    <subfield code="2">PIA PL</subfield>
  </datafield>
  <datafield tag="899" ind1=" " ind2=" ">
    <subfield code="a">Biblioteca universitaria. Pavia</subfield>
    <subfield code="z">(Var. A, B)</subfield>
    <subfield code="1">PV0291</subfield>
    <subfield code="2">MIL UP</subfield>
  </datafield>
  <datafield tag="899" ind1=" " ind2=" ">
    <subfield code="a">Biblioteca di archeologia e storia dell&apos;arte. Roma</subfield>
    <subfield code="1">RM0117</subfield>
    <subfield code="2">BVE BA</subfield>
  </datafield>
  <datafield tag="899" ind1=" " ind2=" ">
    <subfield code="a">Biblioteca Angelica. Roma</subfield>
    <subfield code="z">(Var. A) - MUTILO</subfield>
    <subfield code="1">RM0290</subfield>
    <subfield code="2">RML 06</subfield>
  </datafield>
  <datafield tag="899" ind1=" " ind2=" ">
    <subfield code="a">Biblioteca nazionale Marciana. Venezia</subfield>
    <subfield code="z">MUTILO</subfield>
    <subfield code="1">VE0049</subfield>
    <subfield code="2">VEA BM</subfield>
  </datafield>
</record>
</collection>
